@MISC{polarimeter,
URL	= "https://de.serlo.org/chemie/25361/optische-aktivit%C3%A4t",
URLDATE	= {23-11-22}}
@BOOK{skript,
title	= "Praktikumsskript der physikalischen Chemie - K1"}
